<?xml version="1.0" encoding="UTF-8"?><collection xmlns="http://www.loc.gov/MARC21/slim"><record><leader>00582nam--2200193-i-4500</leader><controlfield tag="001">000014791</controlfield><controlfield tag="002">20161230</controlfield><controlfield tag="005">20170306155053</controlfield><controlfield tag="008">060222s1000------------r-----000-0-eng-d</controlfield><datafield ind1=" " ind2=" " tag="040"><subfield code="a">IFIN-HH</subfield></datafield><datafield ind1=" " ind2=" " tag="080"><subfield code="a">533.9:537.8</subfield></datafield><datafield ind1="1" ind2=" " tag="100"><subfield code="a">Clemmow, P. C</subfield></datafield><datafield ind1="1" ind2="0" tag="245"><subfield code="a">Electrodynamics of particles and plasmas</subfield><subfield code="c">P.C. Clemmow, J.P. Dougherty</subfield></datafield><datafield ind1=" " ind2=" " tag="260"><subfield code="a">Reading -Massachusetts, Addison-Wesley Publishing Company, 1969</subfield></datafield><datafield ind1=" " ind2=" " tag="300"><subfield code="a">IX + 457 P</subfield></datafield><datafield ind1="0" ind2=" " tag="490"><subfield code="a">Addison-Wesley Series In Advanced Physics</subfield></datafield><datafield ind1="1" ind2=" " tag="700"><subfield code="a">Dougherty, J. P</subfield></datafield><datafield ind1=" " ind2=" " tag="852"><subfield code="a">31820</subfield><subfield code="c">533.9</subfield></datafield><datafield ind1=" " ind2=" " tag="CAT"><subfield code="a">SYS</subfield><subfield code="c">20170306</subfield><subfield code="h">155053</subfield></datafield></record></collection>